<record><leader>05031cam a2200829 i 4500</leader><controlfield tag="001">6812823</controlfield><controlfield tag="003">OCoLC</controlfield><controlfield tag="005">20170128032357.4</controlfield><controlfield tag="006">m     o  d        </controlfield><controlfield tag="007">cr cn|||||||||</controlfield><controlfield tag="008">141207s2015    enk     o     001 0 eng d</controlfield><datafield ind1=" " ind2=" " tag="020"><subfield code="a">1782620095</subfield><subfield code="q">(electronic bk.)</subfield></datafield><datafield ind1=" " ind2=" " tag="020"><subfield code="a">9781782620099</subfield><subfield code="q">(electronic bk.)</subfield></datafield><datafield ind1=" " ind2=" " tag="020"><subfield code="z">1849738017</subfield></datafield><datafield ind1=" " ind2=" " tag="020"><subfield code="z">9781849738019</subfield></datafield><datafield ind1=" " ind2=" " tag="035"><subfield code="a">ocn898199734</subfield></datafield><datafield ind1=" " ind2=" " tag="039"><subfield code="a">exclude</subfield></datafield><datafield ind1=" " ind2=" " tag="040"><subfield code="a">COO</subfield><subfield code="b">eng</subfield><subfield code="e">pn</subfield><subfield code="c">COO</subfield><subfield code="d">N$T</subfield><subfield code="d">UKRSC</subfield><subfield code="d">YDXCP</subfield><subfield code="d">OCLCF</subfield><subfield code="d">N$T</subfield><subfield code="d">EBLCP</subfield><subfield code="d">NOC</subfield><subfield code="d">IDEBK</subfield><subfield code="d">OCLCA</subfield><subfield code="d">OCLCQ</subfield><subfield code="d">AEU</subfield></datafield><datafield ind1=" " ind2="4" tag="050"><subfield code="a">QD281.H8</subfield></datafield><datafield ind1=" " ind2="7" tag="072"><subfield code="a">SCI</subfield><subfield code="x">013060</subfield><subfield code="2">bisacsh</subfield></datafield><datafield ind1=" " ind2="7" tag="072"><subfield code="a">TEC</subfield><subfield code="x">009010</subfield><subfield code="2">bisacsh</subfield></datafield><datafield ind1="0" ind2="4" tag="082"><subfield code="a">660/.28443</subfield><subfield code="2">23</subfield></datafield><datafield ind1=" " ind2=" " tag="090"><subfield code="a">Internet Access</subfield><subfield code="b">ASAV</subfield></datafield><datafield ind1=" " ind2=" " tag="090"><subfield code="a">Internet Access</subfield><subfield code="b">AEU</subfield></datafield><datafield ind1=" " ind2=" " tag="090"><subfield code="a">Internet Access</subfield><subfield code="b">AEE</subfield></datafield><datafield ind1=" " ind2=" " tag="090"><subfield code="a">Internet Access</subfield><subfield code="b">AEC</subfield></datafield><datafield ind1=" " ind2=" " tag="090"><subfield code="a">Internet Access</subfield><subfield code="b">AGPC</subfield></datafield><datafield ind1=" " ind2=" " tag="090"><subfield code="a">Internet Access</subfield><subfield code="b">AFMK</subfield></datafield><datafield ind1=" " ind2=" " tag="090"><subfield code="a">Internet Access</subfield><subfield code="b">AEKC</subfield></datafield><datafield ind1=" " ind2=" " tag="090"><subfield code="a">Internet Access</subfield><subfield code="b">AEGMCT</subfield></datafield><datafield ind1=" " ind2=" " tag="090"><subfield code="a">Internet Access</subfield><subfield code="b">AOAC</subfield></datafield><datafield ind1=" " ind2=" " tag="090"><subfield code="a">Internet Access</subfield><subfield code="b">AEU</subfield></datafield><datafield ind1="0" ind2="0" tag="245"><subfield code="a">Catalytic hydrogenation for biomass valorization /</subfield><subfield code="c">editors: Roberto Rinaldi.</subfield></datafield><datafield ind1=" " ind2=" " tag="260"><subfield code="a">[England] :</subfield><subfield code="b">Royal Society of Chemistry,</subfield><subfield code="c">2015.</subfield></datafield><datafield ind1=" " ind2=" " tag="300"><subfield code="a">1 online resource.</subfield></datafield><datafield ind1=" " ind2=" " tag="336"><subfield code="a">text</subfield><subfield code="2">rdacontent</subfield></datafield><datafield ind1=" " ind2=" " tag="337"><subfield code="a">computer</subfield><subfield code="2">rdamedia</subfield></datafield><datafield ind1=" " ind2=" " tag="338"><subfield code="a">online resource</subfield><subfield code="2">rdacarrier</subfield></datafield><datafield ind1="1" ind2=" " tag="490"><subfield code="a">RSC energy and environment series</subfield></datafield><datafield ind1=" " ind2=" " tag="500"><subfield code="a">Includes index.</subfield></datafield><datafield ind1=" " ind2=" " tag="506"><subfield code="a">Access restricted to authorized users and institutions.</subfield></datafield><datafield ind1="0" ind2=" " tag="588"><subfield code="a">Online resource; title from PDF title page (Royal Society of Chemistry, viewed January 22, 2015).</subfield></datafield><datafield ind1=" " ind2=" " tag="596"><subfield code="a">1 8 11 21 31 33 44 57 60</subfield></datafield><datafield ind1=" " ind2="0" tag="650"><subfield code="a">Biocatalysis.</subfield></datafield><datafield ind1=" " ind2="0" tag="650"><subfield code="a">Biomass chemicals.</subfield></datafield><datafield ind1=" " ind2="0" tag="650"><subfield code="a">Hydrogenation.</subfield></datafield><datafield ind1=" " ind2="7" tag="650"><subfield code="a">Biocatalysis.</subfield><subfield code="2">fast</subfield><subfield code="0">(OCoLC)fst01896571</subfield></datafield><datafield ind1=" " ind2="7" tag="650"><subfield code="a">Biomass chemicals.</subfield><subfield code="2">fast</subfield><subfield code="0">(OCoLC)fst00832525</subfield></datafield><datafield ind1=" " ind2="7" tag="650"><subfield code="a">Hydrogenation.</subfield><subfield code="2">fast</subfield><subfield code="0">(OCoLC)fst00965072</subfield></datafield><datafield ind1="1" ind2=" " tag="700"><subfield code="a">Rinaldi, Roberto,</subfield><subfield code="d">1979-</subfield></datafield><datafield ind1=" " ind2="0" tag="830"><subfield code="a">RSC energy and environment series.</subfield></datafield><datafield ind1="4" ind2="0" tag="856"><subfield code="3">Northern Lakes College Access</subfield><subfield code="u">http://search.ebscohost.com/login.aspx?direct=true&amp;scope=site&amp;db=e000xna&amp;AN=937164</subfield><subfield code="z">(Unlimited Concurrent Users)</subfield><subfield code="z">from EBSCO Academic Collection</subfield></datafield><datafield ind1="4" ind2="0" tag="856"><subfield code="3">Alberta Government Library Access</subfield><subfield code="u">http://search.ebscohost.com/login.aspx?direct=true&amp;scope=site&amp;db=e000xna&amp;AN=937164</subfield><subfield code="z">(Unlimited Concurrent Users)</subfield><subfield code="z">from EBSCO Academic Collection</subfield></datafield><datafield ind1="4" ind2="0" tag="856"><subfield code="3">Concordia University of Edmonton Access</subfield><subfield code="u">http://search.ebscohost.com/login.aspx?direct=true&amp;scope=site&amp;db=e000xna&amp;AN=937164</subfield><subfield code="z">(Unlimited Concurrent Users)</subfield><subfield code="z">from EBSCO Academic Collection</subfield></datafield><datafield ind1="4" ind2="0" tag="856"><subfield code="3">Grande Prairie Regional College Access</subfield><subfield code="u">http://search.ebscohost.com/login.aspx?direct=true&amp;scope=site&amp;db=e000xna&amp;AN=937164</subfield><subfield code="z">(Unlimited Concurrent Users)</subfield><subfield code="z">from EBSCO Academic Collection</subfield></datafield><datafield ind1="4" ind2="0" tag="856"><subfield code="3">Keyano College Access</subfield><subfield code="u">http://search.ebscohost.com/login.aspx?direct=true&amp;scope=site&amp;db=e000xna&amp;AN=937164</subfield><subfield code="z">(Unlimited Concurrent Users)</subfield><subfield code="z">from EBSCO Academic Collection</subfield></datafield><datafield ind1="4" ind2="0" tag="856"><subfield code="3">King's University Access</subfield><subfield code="u">http://search.ebscohost.com/login.aspx?direct=true&amp;scope=site&amp;db=e000xna&amp;AN=937164</subfield><subfield code="z">(Unlimited Concurrent Users)</subfield><subfield code="z">from EBSCO Academic Collection</subfield></datafield><datafield ind1="4" ind2="0" tag="856"><subfield code="3">MacEwan University Access</subfield><subfield code="u">http://search.ebscohost.com/login.aspx?direct=true&amp;scope=site&amp;db=e000xna&amp;AN=937164</subfield><subfield code="z">(Unlimited Concurrent Users)</subfield><subfield code="z">from EBSCO Academic Collection</subfield></datafield><datafield ind1="4" ind2="0" tag="856"><subfield code="3">Olds College Access</subfield><subfield code="u">http://search.ebscohost.com/login.aspx?direct=true&amp;scope=site&amp;db=e000xna&amp;AN=937164</subfield><subfield code="z">(Unlimited Concurrent Users)</subfield><subfield code="z">from EBSCO Academic Collection</subfield></datafield><datafield ind1="4" ind2="0" tag="856"><subfield code="3">University of Alberta Access</subfield><subfield code="u">http://search.ebscohost.com/login.aspx?direct=true&amp;scope=site&amp;db=e000xna&amp;AN=937164</subfield><subfield code="z">(Unlimited Concurrent Users)</subfield><subfield code="z">from EBSCO Academic Collection</subfield></datafield><datafield ind1="4" ind2="0" tag="856"><subfield code="3">University of Alberta Access</subfield><subfield code="u">http://dx.doi.org/10.1039/9781782620099</subfield></datafield><datafield ind1=" " ind2=" " tag="949"><subfield code="h">UAIN</subfield><subfield code="m">NLC_INT</subfield><subfield code="z">EBSCONLC</subfield></datafield><datafield ind1=" " ind2=" " tag="926"><subfield code="a">Internet Access</subfield><subfield code="w">LC</subfield><subfield code="c">1</subfield><subfield code="i">6812823-1001</subfield><subfield code="l">INTERNET</subfield><subfield code="m">UAINTERNET</subfield><subfield code="r">Y</subfield><subfield code="s">Y</subfield><subfield code="t">E-RESOURCE</subfield><subfield code="u">2/27/2015</subfield><subfield code="x">E-BOOK</subfield><subfield code="z">RSC</subfield></datafield><datafield ind1=" " ind2=" " tag="926"><subfield code="a">Internet Access</subfield><subfield code="w">LC</subfield><subfield code="c">2</subfield><subfield code="i">6812823-1002</subfield><subfield code="l">INTERNET</subfield><subfield code="m">UAINTERNET</subfield><subfield code="r">Y</subfield><subfield code="s">Y</subfield><subfield code="t">E-RESOURCE</subfield><subfield code="u">1/31/2017</subfield><subfield code="x">E-BOOK</subfield><subfield code="z">EBSCO</subfield></datafield><datafield ind1=" " ind2=" " tag="926"><subfield code="a">Internet Access</subfield><subfield code="w">LC</subfield><subfield code="c">1</subfield><subfield code="i">6812823-2001</subfield><subfield code="l">INTERNET</subfield><subfield code="m">AGINTERNET</subfield><subfield code="r">Y</subfield><subfield code="s">Y</subfield><subfield code="t">E-RESOURCE</subfield><subfield code="u">1/31/2017</subfield><subfield code="x">E-BOOK</subfield><subfield code="z">EBSCOAGL</subfield></datafield><datafield ind1=" " ind2=" " tag="926"><subfield code="a">Internet Access</subfield><subfield code="w">LC</subfield><subfield code="c">1</subfield><subfield code="i">6812823-3001</subfield><subfield code="l">INTERNET</subfield><subfield code="m">CONCORDIA</subfield><subfield code="r">Y</subfield><subfield code="s">Y</subfield><subfield code="t">E-RESOURCE</subfield><subfield code="u">1/31/2017</subfield><subfield code="x">E-BOOK</subfield><subfield code="z">EBSCOCON</subfield></datafield><datafield ind1=" " ind2=" " tag="926"><subfield code="a">Internet Access</subfield><subfield code="w">LC</subfield><subfield code="c">1</subfield><subfield code="i">6812823-4001</subfield><subfield code="l">INTERNET</subfield><subfield code="m">GPRC_INT</subfield><subfield code="r">Y</subfield><subfield code="s">Y</subfield><subfield code="t">E-RESOURCE</subfield><subfield code="u">1/31/2017</subfield><subfield code="x">E-BOOK</subfield><subfield code="z">EBSCOGP</subfield></datafield><datafield ind1=" " ind2=" " tag="926"><subfield code="a">Internet Access</subfield><subfield code="w">LC</subfield><subfield code="c">1</subfield><subfield code="i">6812823-5001</subfield><subfield code="l">INTERNET</subfield><subfield code="m">KEYANO</subfield><subfield code="r">Y</subfield><subfield code="s">Y</subfield><subfield code="t">E-RESOURCE</subfield><subfield code="u">1/31/2017</subfield><subfield code="x">E-BOOK</subfield><subfield code="z">EBSCOKEY</subfield></datafield><datafield ind1=" " ind2=" " tag="926"><subfield code="a">Internet Access</subfield><subfield code="w">LC</subfield><subfield code="c">1</subfield><subfield code="i">6812823-6001</subfield><subfield code="l">INTERNET</subfield><subfield code="m">KINGS</subfield><subfield code="r">Y</subfield><subfield code="s">Y</subfield><subfield code="t">E-RESOURCE</subfield><subfield code="u">1/31/2017</subfield><subfield code="x">E-BOOK</subfield><subfield code="z">EBSCOKI</subfield></datafield><datafield ind1=" " ind2=" " tag="926"><subfield code="a">Internet Access</subfield><subfield code="w">LC</subfield><subfield code="c">1</subfield><subfield code="i">6812823-7001</subfield><subfield code="l">INTERNET</subfield><subfield code="m">GR_MAC_INT</subfield><subfield code="r">Y</subfield><subfield code="s">Y</subfield><subfield code="t">E-RESOURCE</subfield><subfield code="u">1/31/2017</subfield><subfield code="x">E-BOOK</subfield><subfield code="z">EBSCOGM</subfield></datafield><datafield ind1=" " ind2=" " tag="926"><subfield code="a">Internet Access</subfield><subfield code="w">LC</subfield><subfield code="c">1</subfield><subfield code="i">6812823-8001</subfield><subfield code="l">INTERNET</subfield><subfield code="m">OLDS</subfield><subfield code="r">Y</subfield><subfield code="s">Y</subfield><subfield code="t">E-RESOURCE</subfield><subfield code="u">1/31/2017</subfield><subfield code="x">E-BOOK</subfield><subfield code="z">EBSCOOLD</subfield></datafield><datafield ind1=" " ind2=" " tag="926"><subfield code="a">Internet Access</subfield><subfield code="w">LC</subfield><subfield code="c">1</subfield><subfield code="i">6812823-9001</subfield><subfield code="l">INTERNET</subfield><subfield code="m">NLC_INT</subfield><subfield code="r">Y</subfield><subfield code="s">Y</subfield><subfield code="t">E-RESOURCE</subfield><subfield code="u">3/22/2017</subfield><subfield code="x">E-BOOK</subfield><subfield code="z">EBSCONLC</subfield></datafield></record>